@misc{1,
author = {Matt Gaunt},
title = {Service Workers: an Introduction},
year = {2018 (accessed September 14, 2018)}, 
howpublished={\url{https://developers.google.com/web/fundamentals/primers/service-workers/}}
}

@article{2,
author = {Shapiro, Marc and Pregui, Nuno and Baquero, Carlos and Zawirski, Marek},
title = {{Replicated Data Types: A comprehensive study of Convergent and Commutative Replicated Data Types}},
url = {http://hal.inria.fr/inria-00555588},
year = {2011}
}

@Inbook{3,
author="Pregui{\c{c}}a, Nuno and Baquero, Carlos and Shapiro, Marc",
title="Conflict-Free Replicated Data Types CRDTs",
year="2018",
publisher="Springer International Publishing",
isbn="978-3-319-63962-8",
doi="10.1007/978-3-319-63962-8_185-1",
url="https://doi.org/10.1007/978-3-319-63962-8_185-1"
}

@misc{4,
title = {AntidoteDB},
year = {2018 (accessed September 25, 2018)}, 
howpublished={\url{https://www.antidotedb.eu/}}
}

@inproceedings{5,
 author = {Pregui\c{c}a, Nuno and Zawirski, Marek and Bieniusa, Annette and Duarte, S{\'e}rgio and Balegas, Valter and Baquero, Carlos and Shapiro, Marc},
 title = {SwiftCloud: Fault-Tolerant Geo-Replication Integrated All the Way to the Client Machine},
 booktitle = {Proceedings of the 2014 IEEE 33rd International Symposium on Reliable Distributed Systems Workshops},
 series = {SRDSW '14},
 year = {2014},
 isbn = {978-1-4799-7361-3},
 url = {https://doi.org/10.1109/SRDSW.2014.33},
 doi = {10.1109/SRDSW.2014.33},
 acmid = {2709519}
} 

@inproceedings{6,
 author = {Sovran, Yair and Power, Russell and Aguilera, Marcos K. and Li, Jinyang},
 title = {Transactional Storage for Geo-replicated Systems},
 booktitle = {Proceedings of the Twenty-Third ACM Symposium on Operating Systems Principles},
 series = {SOSP '11},
 year = {2011},
 isbn = {978-1-4503-0977-6},
 url = {http://doi.acm.org/10.1145/2043556.2043592},
 doi = {10.1145/2043556.2043592},
 acmid = {2043592}
} 

@inproceedings{7,
 author = {Zawirski, Marek and Pregui\c{c}a, Nuno and Duarte, S{\'e}rgio and Bieniusa, Annette and Balegas, Valter and Shapiro, Marc},
 title = {Write Fast, Read in the Past: Causal Consistency for Client-Side Applications},
 booktitle = {Proceedings of the 16th Annual Middleware Conference},
 series = {Middleware '15},
 year = {2015},
 isbn = {978-1-4503-3618-5},
 url = {http://doi.acm.org/10.1145/2814576.2814733},
 doi = {10.1145/2814576.2814733},
 acmid = {2814733},
} 

@article{8,
author = {van der Linde, Albert and Fouto, Pedro and Leit{\~{a}}o, Jo{\~{a}}o and Pregui{\c{c}}a, Nuno and Casti{\~{n}}eira, Santiago and Bieniusa, Annette},
doi = {10.1145/3038912.3052673},
isbn = {9781450349130},
journal = {Proceedings of the 26th International Conference on World Wide Web},
title = {{Legion: Enriching Internet Services with Peer-to-Peer Interactions}},
year = {2017}
}

@inproceedings{9,
 author = {Lampson, Butler W.},
 title = {Atomic Transactions},
 booktitle = {Distributed Systems - Architecture and Implementation, An Advanced Course},
 year = {1981},
 isbn = {3-540-10571-9},
 url = {http://dl.acm.org/citation.cfm?id=647434.726386},
 acmid = {726386}
} 

@article{10,
 author = {Vogels, Werner},
 title = {Eventually Consistent},
 journal = {Queue},
 issue_date = {October 2008},
 volume = {6},
 number = {6},
 month = oct,
 year = {2008},
 issn = {1542-7730},
 pages = {14--19},
 numpages = {6},
 url = {http://doi.acm.org/10.1145/1466443.1466448},
 doi = {10.1145/1466443.1466448},
 acmid = {1466448},
 publisher = {ACM},
 address = {New York, NY, USA},
} 

@book{11,
 author = {zsu, M. Tamer and Valduriez, Patrick},
 title = {Principles of Distributed Database Systems},
 year = {2011},
 isbn = {1441988335, 9781441988331},
 edition = {3rd},
 publisher = {Springer Publishing Company, Incorporated},
} 